<?xml version="1.0" encoding="UTF-8"?><collection xmlns="http://www.loc.gov/MARC21/slim"><record><leader>00691nam--2200217-i-4500</leader><controlfield tag="001">000041485</controlfield><controlfield tag="002">20161230</controlfield><controlfield tag="005">20161230201043</controlfield><controlfield tag="008">060222s1000------------r-----000-0-eng-d</controlfield><datafield ind1=" " ind2=" " tag="020"><subfield code="a">072040424X</subfield></datafield><datafield ind1=" " ind2=" " tag="041"><subfield code="a">IFIN-HH</subfield></datafield><datafield ind1=" " ind2=" " tag="080"><subfield code="a">535.376(061.3)</subfield></datafield><datafield ind1="1" ind2=" " tag="100"><subfield code="a">Shionoya,Shigeo</subfield></datafield><datafield ind1="1" ind2="0" tag="245"><subfield code="a">Proceedings of the 1975 international conference on luminescence tokyo, japan, september 1-5, 1975</subfield><subfield code="c">Shigeo, shionoya; saburo nagakura; satoru sugano (eds.)</subfield></datafield><datafield ind1="1" ind2="0" tag="260"><subfield code="a">Amsterdam</subfield><subfield code="b">North-holland Publishing Company</subfield><subfield code="c">1976</subfield></datafield><datafield ind1=" " ind2=" " tag="300"><subfield code="a">XVII + 1006 P</subfield></datafield><datafield ind1=" " ind2=" " tag="490"><subfield code="a">Proceedings</subfield></datafield><datafield ind1="1" ind2=" " tag="650"><subfield code="a">Luminescence</subfield></datafield><datafield ind1="1" ind2=" " tag="700"><subfield code="a">Sugano, Satoru</subfield><subfield code="e">Ed</subfield></datafield><datafield ind1=" " ind2=" " tag="852"><subfield code="a">77572</subfield><subfield code="c">535.37</subfield></datafield><datafield ind1=" " ind2=" " tag="CAT"><subfield code="a">Sys</subfield><subfield code="c">20110429</subfield><subfield code="h">132622</subfield></datafield></record></collection>